@article{feamster2014road,
  title={The road to SDN: an intellectual history of programmable networks},
  author={Feamster, Nick and Rexford, Jennifer and Zegura, Ellen},
  journal={ACM SIGCOMM Computer Communication Review},
  volume={44},
  number={2},
  pages={87--98},
  year={2014},
  publisher={ACM}
}

@book{nadeau2013sdn,
	title={SDN: Software Defined Networks: An Authoritative Review of Network Programmability Technologies},
	author={Nadeau, Thomas D and Gray, Ken},
	year={2013},
	publisher={" O'Reilly Media, Inc."}
}

@article{kreutz2015software,
	title={Software-defined networking: A comprehensive survey},
	author={Kreutz, Diego and Ramos, Fernando MV and Verissimo, Paulo Esteves and Rothenberg, Christian Esteve and Azodolmolky, Siamak and Uhlig, Steve},
	journal={Proceedings of the IEEE},
	volume={103},
	number={1},
	pages={14--76},
	year={2015},
	publisher={IEEE}
}